<record><leader>00000cas a22000007a 4500</leader><controlfield tag="001">26536437</controlfield><controlfield tag="008">920904d18791893wyuwr ne      0    0eng d</controlfield><datafield ind1=" " ind2=" " tag="010"><subfield code="a">sn 92067178 </subfield></datafield><datafield ind1=" " ind2=" " tag="040"><subfield code="a">NVO</subfield><subfield code="b">eng</subfield><subfield code="c">NVO</subfield><subfield code="d">OCLCQ</subfield></datafield><datafield ind1=" " ind2=" " tag="042"><subfield code="a">msc</subfield></datafield><datafield ind1="0" ind2="4" tag="245"><subfield code="a">The Evanston register.</subfield></datafield><datafield ind1=" " ind2=" " tag="260"><subfield code="a">Evanston, Wyo. :</subfield><subfield code="b">Uinta Pub. Co.</subfield></datafield><datafield ind1=" " ind2=" " tag="300"><subfield code="a">v.</subfield></datafield><datafield ind1=" " ind2=" " tag="310"><subfield code="a">Weekly</subfield></datafield><datafield ind1="1" ind2=" " tag="362"><subfield code="a">Began in 1879; ceased in Sept. 1893.</subfield></datafield><datafield ind1=" " ind2=" " tag="588"><subfield code="a">Description based on: Vol. 3, no. 12 (Nov. 5, 1892).</subfield></datafield><datafield ind1=" " ind2="4" tag="651"><subfield code="a">Evanston (Wyo.)</subfield><subfield code="v">Newspapers.</subfield></datafield><datafield ind1=" " ind2="4" tag="651"><subfield code="a">Uinta County (Wyo.)</subfield><subfield code="v">Newspapers.</subfield></datafield><datafield ind1=" " ind2=" " tag="752"><subfield code="a">United States</subfield><subfield code="b">Wyoming</subfield><subfield code="c">Uinta</subfield><subfield code="d">Evanston.</subfield></datafield><datafield ind1="0" ind2="7" tag="785"><subfield code="t">Evanston news (Evanston, Wyo.)</subfield></datafield><datafield ind1="0" ind2="7" tag="785"><subfield code="t">News-register (Evanston, Wyo.)</subfield><subfield code="w">(DLC)sn 92067177</subfield></datafield></record>